2867 4759
201 286 287 362 1320
510 337 513 343 .
572 303 603 353 r.
627 302 772 352 rerrurr
795 301 920 359 suoru

232 445 363 511 cuperatia
382 443 532 508 corporiboa
543 443 620 494 intua
633 443 763 510 Amphion
774 458 805 496 er
816 442 849 494 ad
866 457 953 508 regum
972 441 1093 506 remittit,
1106 441 1243 508 pergitque
1261 439 1294 492 ed

233 532 318 577 caetra
336 522 549 588 immoramini·
567 524 747 586 insultaturus,
758 522 924 573 nroortraudo
942 521 1058 573 abacista
1077 523 1175 587 Hoplei
1192 529 1221 572 et
1238 523 1295 586 Dy-

231 606 325 655 mantia
342 604 438 668 capita·
470 603 521 652 Sed
541 610 570 653 ut
582 602 647 653 ridit
665 610 747 654 toturn
764 619 880 668 campum
896 605 1021 667 sunguine
1037 603 1166 664 inundari,
1182 615 1294 670 auosque

232 686 379 751 promiacue
389 699 479 748 cerna,
489 691 563 734 tauto
573 691 681 748 stupore
690 689 720 734 et
734 685 842 734 horrore
857 684 1006 748 corripitur,
1018 689 1047 734 ut
1058 683 1142 748 iprum
1154 698 1203 734 ror
1217 683 1295 733 rirur·

232 781 283 833 que
293 781 323 818 ac
334 767 403 817 vireo
413 764 547 830 deficiant,
556 771 585 816 et
595 779 677 830 equor
688 775 782 830 rponte
794 779 882 816 venua
894 764 995 818 ductor
1011 757 1245 828 repetitssug'lente
1262 765 1294 814 ri-

232 847 329 898 militer
338 845 453 910 equitum
465 854 558 896 turma.
590 846 665 897 Tunc
675 845 775 911 Argivi,
787 846 876 896 cudite
891 854 980 910 ruage
991 844 1204 896 a'l'iindauraote
1214 843 1295 908 lacta,

234 927 327 979 caatrla
338 933 515 991 erumperetur,
525 940 572 989 per
586 925 702 977 membra
711 934 791 991 atque
806 941 875 976 arma
888 926 1040 990 jacentium,
1049 926 1150 975 'ihebaa
1163 925 1296 990 advolant,

233 1020 376 1072 eurumque
398 1006 503 1071 plurimi
523 1005 639 1058 hortibru
660 1005 731 1056 minti
748 1006 837 1056 urbem
856 1007 964 1058 intrant.
996 1007 1083 1056 Portis
1103 1019 1172 1071 ecgre
1192 1005 1296 1068 clauaia,

233 1089 296 1139 urbe
306 1087 525 1150 circumvallatur,
535 1094 564 1137 et
572 1086 791 1137 machinationum
803 1087 872 1137 omui
884 1083 979 1152 genere
991 1094 1163 1151 oppugnatur.
1197 1085 1294 1136 'l'erritl

234 1170 306 1218 cirea
316 1166 422 1216 'lireaiae
432 1179 509 1230 opero
526 1165 729 1230 implorantum
748 1166 833 1230 ignem
853 1179 932 1230 ruprr
949 1179 1006 1216 arar
1023 1165 1130 1234 accendi
1144 1165 1231 1231 jubet,
1241 1171 1294 1218 cte

233 1248 313 1312 rigale
329 1245 451 1308 dammae,
461 1246 510 1297 ribi
528 1246 646 1296 allanto
663 1245 828 1312 dilaniatio,
844 1244 962 1297 declarat
976 1245 1101 1312 rangrrlne
1118 1243 1228 1296 lruioauo
1239 1246 1295 1312 pla·
1389 1271 1391 1277 ·

234 1326 344 1377 candum
363 1325 458 1376 Martia
475 1326 632 1390 Draconem,
642 1325 810 1390 ultimumque
822 1341 854 1376 ex
870 1325 938 1375 illiur
957 1340 1054 1390 genere
1070 1325 1237 1390 superstitem
1249 1327 1294 1376 im·

232 1404 396 1457 uiolandum:
412 1406 463 1456 irac
482 1407 538 1456 aula
555 1405 705 1456 conditione
722 1405 812 1456 urbem
829 1411 959 1456 aerratutu
971 1406 1011 1456 iri.
1043 1406 1128 1457 Crrou
1139 1405 1182 1471 qui
1194 1403 1296 1464 aderat,

232 1487 281 1538 lroc
291 1485 405 1549 cuculo,
416 1499 467 1551 quo
477 1485 640 1536 Meooeceuor
651 1483 732 1536 tilium
749 1485 822 1554 porci
832 1484 914 1548 ridet,
932 1492 1053 1553 tanquam
1064 1486 1170 1537 fulmine
1182 1483 1295 1550 percuti·

233 1576 287 1630 tur,
297 1573 326 1617 et
336 1572 423 1618 ratem
433 1567 544 1617 reticere
555 1566 682 1617 incautum
694 1575 778 1632 rogat.
811 1568 885 1618 'lonc
896 1569 1022 1632 temporie
1033 1567 1186 1618 ideuoecenr
1197 1567 1224 1616 in
1241 1579 1296 1614 rna·

233 1647 278 1698 dia
287 1648 346 1698 acic
356 1647 473 1710 ingentia
482 1646 578 1697 edelm
590 1645 716 1698 facinora.
749 1648 810 1698 Dea
820 1647 909 1697 Vtetur
921 1647 985 1698 coelu
996 1647 1113 1710 delapra,
1123 1653 1207 1696 rnnto
1219 1645 1295 1694 llan-
1310 1691 1314 1698 .

235 1735 278 1796 tua
289 1729 373 1792 vultu,
384 1728 451 1778 ituuc
470 1727 534 1792 adit,
553 1727 629 1792 elque
648 1737 753 1778 uenatu
772 1729 876 1779 oraculo
894 1728 1004 1794 iurplret
1019 1727 1167 1791 cupidinem
1185 1727 1295 1790 pluriora

233 1814 317 1857 morte
335 1820 364 1856 re
382 1820 430 1872 pro
451 1807 537 1870 patria
553 1805 708 1857 deroreudi.
741 1806 801 1856 ilco
819 1808 926 1856 coneilio
945 1809 971 1857 in
990 1807 1079 1857 urbem
1098 1807 1249 1868 revertitur,
1267 1812 1294 1855 et

234 1888 306 1938 elnac
317 1893 402 1952 patre,
412 1901 489 1952 quern
499 1886 605 1937 obelum
614 1885 752 1951 habuerat,
762 1887 858 1952 quique
868 1888 892 1937 ei
903 1887 981 1938 fidem
992 1887 1095 1938 oraculo
1106 1885 1230 1936 adhibere
1242 1884 1295 1935 dia·

232 1967 371 2028 tundebat,
382 1965 550 2017 editlaainraut
562 1972 660 2016 turrem
672 1967 834 2030 comceudit,
846 1966 1001 2033 inuiaquead
1012 1967 1085 2018 Deua
1097 1965 1228 2032 precibus,
1237 1966 1296 2016 red·

233 2047 328 2097 derant
338 2060 384 2096 aua
397 2052 482 2096 morte
497 2044 630 2096 lnebruia
645 2045 752 2111 templa,
764 2059 851 2112 agrum
859 2047 958 2110 dooroe,
968 2061 1072 2111 uxorea,
1083 2054 1111 2097 et
1125 2046 1232 2110 llberos,
1241 2061 1295 2096 rna·

232 2125 277 2176 dio
289 2133 396 2190 pectore
406 2123 456 2175 eibi
474 2124 561 2189 gladio
579 2123 732 2182 tranrlorro,
745 2125 770 2174 lo
783 2125 894 2175 mediam
905 2127 1058 2192 Argivorum
1071 2127 1151 2177 eciem
1164 2141 1191 2177 ae
1203 2125 1295 2190 proci·

232 2207 316 2272 pitem
334 2206 398 2270 egit.
432 2205 533 2268 corpur
549 2205 607 2269 ejua
624 2205 695 2255 nullo
711 2203 801 2256 labore
820 2213 999 2270 recuperatur,
1009 2205 1161 2258 cedentibrra
1179 2207 1247 2256 ultro
1263 2221 1295 2256 ac

233 2299 292 2337 cum
302 2283 594 2348 veneratione-Argivis.
629 2285 662 2335 ln
677 2285 769 2336 arbem
783 2295 903 2350 portatur
917 2301 975 2336 curu
986 2288 1090 2336 aummlr
1107 2283 1256 2350 nonoribus,
1266 2291 1295 2336 et

183 2389 187 2396 ·
232 2381 312 2431 cupre
320 2365 445 2416 Cadmum
455 2370 484 2415 et
494 2363 665 2429 Amphionem
675 2365 795 2416 laudibus
807 2365 949 2418 extollitur.
980 2365 1087 2417 interim
1099 2366 1294 2430 Caprucur,ln·

234 2439 306 2511 g'enti
316 2445 495 2498 Thebanorum
507 2443 672 2495 multitudine
689 2446 786 2509 oculari,
797 2460 875 2496 muru
892 2444 1040 2511 impellent,
1057 2445 1134 2496 coalia
1145 2437 1295 2497 admutlr'ln

233 2541 321 2579 ruuroa
326 2526 443 2596 predere
452 2525 556 2588 nititur,
565 2531 594 2575 et
601 2524 666 2576 licet
676 2525 790 2591 undique
800 2527 860 2576 tella
872 2525 1050 2591 lapidlbnrque
1059 2539 1091 2576 ec
1102 2525 1203 2591 aegittla
1214 2526 1296 2591 impe·

233 2613 347 2667 teretur,
356 2606 448 2656 turrim
462 2610 615 2668 exsuperat,
627 2610 657 2655 et
670 2605 731 2655 ltine
742 2606 842 2669 lapidea
852 2609 886 2655 et
897 2606 954 2669 ipra
964 2611 1035 2655 turre
1047 2606 1149 2658 arulaor
1159 2606 1185 2655 iu
1196 2607 1295 2670 templa

231 2694 261 2736 et
271 2685 360 2735 domur
371 2685 433 2748 ruit,
443 2691 473 2734 et
483 2683 574 2734 orbern
591 2684 644 2733 rulo
660 2683 785 2733 mutuor
795 2681 902 2750 stapglt.
934 2685 1031 2735 Veram
1041 2697 1092 2736 unu
1104 2692 1240 2735 coutantur
1250 2687 1296 2735 lto·

233 2765 347 2818 minibur
357 2763 610 2827 inroltarc,8operir
620 2762 684 2827 iprlr
694 2762 790 2813 bellum
806 2763 907 2830 indicit,
917 2765 1051 2832 ipsumque
1066 2765 1159 2819 Jurern
1174 2765 1200 2815 io
1210 2772 1297 2817 certe·

233 2861 294 2898 rnen
307 2836 448 2910 'provocat
480 2841 609 2894 Omnibus
627 2841 685 2892 ltttr
703 2841 1000 2910 trementibna,.iupiter
1016 2845 1078 2896 tutia
1095 2845 1192 2898 ritibua
1209 2848 1236 2898 in
1247 2850 1295 2899 inr-

233 2927 305 2992 piuor
320 2913 417 2976 fulmen
428 2924 570 2989 jaculatur.
603 2922 959 2989 ldrnetilleimparterritua.
990 2925 1104 2976 Tandem
1116 2929 1295 2992 corporaejur

203 3021 208 3030 ·
233 3005 260 3055 al
276 3004 390 3054 tulminia
408 3004 521 3055 cedente
530 3002 602 3054 edict
611 3004 733 3070 aulanam,
749 3005 822 3056 vultu
834 3005 861 3056 lu
872 3007 965 3057 cortou
977 3005 1101 3058 ferociter
1115 3021 1250 3073 conterno,
1266 3017 1295 3060 et

234 3083 319 3135 rdhnc
329 3083 411 3135 roton
419 3083 478 3137 viu
489 3084 628 3135 interum.

203 3390 370 3483 Onnum·
385 3415 555 3502 Hesperia
568 3415 734 3481 Phoebum
749 3436 817 3481 nox
831 3391 967 3482 lrumidu
982 3424 1089 3502 portu,

203 3517 361 3605 Imperiis
374 3523 555 3603 properata
569 3516 593 3582 J
595 3519 686 3583 oria:
707 3538 773 3584 neo
786 3524 896 3586 costra
911 3519 1091 3604 Pelasgum

234 3689 295 3742 Noc
309 3685 390 3753 wid«,
400 3688 519 3752 settim
532 3685 604 3746 §aaa
618 3687 697 3749 Jeme,
711 3677 782 3736 niara
796 3687 876 3738 madii
896 3687 1142 3753 Occidentaliporioe
1158 3687 1247 3740 rrrcr'lle
1258 3697 1294 3740 eat

657 3813 837 3834 OMHmm

233 3915 294 3966 Hoc
304 3913 329 3965 A
377 3919 491 3965 mentum
502 3913 624 3964 exhibent
640 3913 745 3964 Belrutt.
756 3917 779 3962 1.
791 3915 816 3962 2.
829 3927 894 3964 ortua
904 3909 996 3964 Berllr.
1009 3913 1130 3967 lrretaut.
1147 3913 1255 3966 Veuctt.
1267 3917 1293 3966 t.

202 3979 312 4033 milon.
355 3977 722 4042 noentmg.croc.otltartt.
811 3995 813 4002 ·

491 4039 978 4107 Qodmoffiiotirnaritrrfidarindclii

457 4102 1010 4172 mowmcratomtriumoorn.
