2867 4759
375 310 376 313 ’
478 330 734 381 uuuruuumos
756 333 828 383 uun.
853 335 878 382 1.
1134 320 1223 390 toll

128 468 232 551 Divo,
245 470 350 537 refer:
372 490 564 555 quenquam
579 480 659 541 note
672 475 737 541 viri
749 476 888 541 multum
900 476 1026 559 inotyto
1038 483 1140 547 uentu

129 568 293 648 Maeonio,
309 570 368 634 sed
384 571 482 653 pluro
493 580 634 639 vocent:
655 595 718 641 uos
732 577 781 641 ire
796 568 1003 659 peromnem

126 667 204 753 (Sic
219 689 313 737 amor
326 670 392 752 eso)
407 670 526 741 Horou
540 674 633 753 volis,
647 674 819 760 Scyroque
833 677 989 741 latentem
1200 680 1223 747 ὖ

129 770 448 854 Dulichinproierre
461 774 565 839 tube:
586 793 648 843 noo
663 776 699 841 in
714 775 863 842 Hectore
875 784 983 846 truoto

125 972 227 1029 parem
236 970 299 1019 eoelo.
333 970 446 1025 Quintiis
459 970 528 1032 huius
542 972 590 1021 oiri
598 972 709 1033 sueieoru
718 975 786 1024 uelde
794 976 910 1026 eeklmtu
920 976 970 1026 sisi
979 974 1085 1027 eersillss
1095 975 1206 1027 Manes
1211 992 1223 1035 .·

125 1032 198 1106 pluro
208 1038 285 1109 lones
294 1040 385 1083 restem
395 1037 500 1085 dicende.
534 1037 651 1086 Concedes
666 1053 802 1100 pererrare
817 1040 866 1103 (rie
880 1040 939 1089 ssilsi
952 1037 1076 1103 ρίαεῧιιιιι)
1086 1044 1160 1088 totess
1170 1038 1222 1087 He-

127 1108 179 1144 me
196 1100 281 1160 oum,
296 1102 322 1147 et
335 1100 430 1149 edsem
443 1100 541 1149 ,locem
551 1100 663 1150 Dulichio
677 1102 745 1151 illuri
759 1105 899 1153 swelwes·
914 1104 1043 1168 indepto.-
1057 1102 1223 1169 νομαί·

588 1242 707 1263 00000000
708 1242 767 1264 OM

127 1334 222 1385 noenio
241 1334 438 1399 Exemploribus
462 1336 515 1387 ullo
537 1340 646 1403 vestigio
673 1341 845 1405 reperiuntur.
877 1342 938 1393 Duo
958 1342 1036 1392 nostri
1062 1340 1174 1399 codices,
1195 1346 1224 1392 et

127 1398 220 1474 glossis
230 1400 334 1474 egregie
344 1400 453 1463 oppleti,
467 1410 495 1451 et
506 1402 581 1452 valde
590 1406 695 1467 vetusti,
707 1406 802 1456 nullum
813 1406 862 1455 nisi
877 1421 924 1470 per
935 1413 1086 1469 erguruente
1097 1419 1152 1455 mer
1169 1404 1223 1454 'nh-

126 1464 164 1513 he
176 1462 367 1513 distructionem
384 1465 489 1524 hahent,
500 1466 586 1530 quelle
598 1467 622 1517 in
639 1468 692 1516 sule
708 1470 786 1518 etium
804 1470 878 1519 libris
895 1470 1048 1519 Froueiseus
1064 1470 1125 1518 olim
1167 1476 1223 1518 stu·

127 1526 237 1602 tentius,
248 1526 273 1575 iu
284 1526 333 1603 hoe
346 1527 413 1602 bono
427 1528 526 1593 judieio
542 1544 603 1579 usur
621 1531 689 1595 quod
701 1532 811 1608 duorum
820 1543 943 1608 epnoseet
963 1532 1053 1599 probet
1075 1546 1106 1581 ue
1114 1538 1224 1609 eretum,

127 1590 1167 1723 {llltlfllltllll„llllllldltllldl'mersfelt,llll
1179 1610 1223 1708 :li

127 1716 207 1767 eodd.
223 1718 391 1781 manuscripti
407 1728 512 1768 euetore
526 1720 565 1771 Μ.
584 1721 698 1771 Antonio
718 1676 820 1785 Delrio,
830 1722 939 1772 Adsers.
956 1722 990 1772 sd
1003 1723 1101 1773 'freed'
1116 1723 1222 1772 Seneers

128 1794 168 1829 rs.
181 1780 247 1830 1853
258 1782 348 1833 Barth
384 1783 502 1831 Duorum
513 1783 636 1835 librorum
648 1785 799 1836 divinionem
810 1788 925 1836 retinent
935 1787 1014 1840 Aldd.
1026 1787 1108 1836 colio.
1120 1786 1223 1851 Grypo.

129 1842 212 1893 Besil.
221 1844 308 1894 Pluut.
321 1846 429 1895 Gevurt.
441 1847 560 1897 Grueoer.
573 1846 681 1899 Amstel.
693 1851 806 1900 Gronov.
818 1850 909 1900 Burth.
920 1851 1004 1900 veen.
1015 1858 1044 1899 et
1052 1850 1150 1913 Delph.

160 1911 177 1957 4
194 1906 276 1959 Codd.
288 1908 472 1974 lindenbrogii
483 1910 576 1975 aliique
587 1914 716 1965 nonnulli:
733 1916 775 1963 sed
787 1916 858 1978 plere
867 1918 1022 1963 ooeosh—ll
1040 1915 1223 1964 Neesseeesse

622 2056 732 2107 NOTAE

162 2156 177 2202 t
212 2148 404 2214 Μιςιιωιίιιιιιιι]
434 2150 655 2215 ‘Magnanimos'
695 2167 785 2202 omsesu
795 2153 878 2204 Heres
888 2152 958 2217 uelis]
972 2151 1222 2215 idest,pereorihe·

127 2227 263 2293 proprium
273 2226 414 2291 Epitheton
423 2224 541 2289 Achillis,
551 2226 594 2288 qui
604 2239 656 2273 om·
696 2242 725 2276 re
738 2235 820 2278 totsm
837 2230 916 2279 ritem
933 2242 962 2278 se
979 2232 1116 2291 sergestus
1124 2226 1223 2283 ,hiereis

126 2302 198 2353 nlush
220 2302 382 2366 Graeeornm,
403 2309 509 2351 suetore
533 2300 656 2363 Homero,
695 2304 773 2354 illiue.

125 2376 281 2428 fortissimus
307 2383 348 2426 ost
373 2374 483 2425 habitus.
521 2373 655 2437 AEocidem]
727 2378 878 2443 odiumque
889 2377 1012 2441 latentem]
1026 2378 1116 2428 Thetis
1127 2378 1222 2428 timeus

128 2452 259 2503 Achillem
270 2452 304 2502 eh
315 2452 581 2515 AEueousopsterno;
597 2465 655 2501 nem
695 2467 729 2502 ne
746 2452 814 2503 filins
830 2453 944 2504 Achilleo
964 2452 1172 2517 proficisceretur
1188 2453 1222 2502 sd

128 2530 237 2593 Peleus,
257 2530 334 2579 AEseo
355 2533 437 2590 ortuo,
463 2527 542 2577 filium
567 2527 656 2577 hebuit
694 2528 828 2593 Trojeosnu
847 2529 1048 2593 expeditionem,
1070 2529 1098 2577 ln
1117 2542 1169 2593 quo
1184 2528 1223 2578 iu·

127 2605 256 2657 Achillem
267 2620 300 2656 ex
308 2604 430 2655 thetide.
454 2603 657 2666 Fornidotumpse
695 2618 759 2667 gens
777 2603 882 2669 quidem
899 2605 990 2669 glorie,
1002 2603 1048 2653 sed
1066 2609 1138 2654 oerte
1154 2617 1222 2653 mors

130 2680 246 2745 Tosnh']
263 2680 294 2729 In
312 2678 371 2729 tetis
388 2684 447 2728 eret
465 2692 534 2745 eum,
545 2677 589 2741 qui
600 2692 657 2727 uus·
695 2693 754 2729 eum
765 2681 896 2744 monebat,
906 2679 1015 2730 shduxit
1026 2679 1097 2727 illum
1108 2692 1124 2727 e
1134 2678 1223 2729 eenole

128 2762 235 2806 eeretur
245 2770 278 2806 ex
289 2753 409 2816 Thetide,
420 2752 475 2805 sore
486 2751 617 2803 fortiorem
629 2761 657 2803 et
696 2754 822 2818 Chironis,
829 2756 855 2805 io
862 2770 912 2819 qno
922 2754 1094 2815 edueuhotur,
1099 2760 1127 2803 et
1136 2754 1223 2803 oeeul·

127 2832 253 2895 msjorem
272 2836 362 2895 petre:
379 2844 431 2895 quo
450 2828 565 2891 decreto,
581 2830 657 2879 terri·
697 2833 763 2883 tevit
773 2834 799 2883 ἰιι
810 2834 882 2896 reple
892 2832 1053 2897 Lycomedis,
1069 2830 1138 2894 regis
1146 2830 1223 2893 Seyrl

128 2915 173 2959 tus
204 2908 310 2971 Jupiter
341 2905 505 2956 ooneubitusu
531 2906 656 2969 Tbetidio,
696 2909 797 2969 insule,
813 2907 1041 2958 lnmiueohohitn.
1071 2906 1223 2969 Seyroseu·

128 2996 207 3047 quem
226 2980 372 3042 ndsmehet,
392 2979 492 3029 vitavit.
526 2977 655 3029 Ovidius:
696 2990 749 3033 tem
760 2983 844 3033 insule
856 2998 907 3032 uus
925 2990 967 3032 est
978 2980 1119 3045 cycladum
1130 2984 1223 3030 uentre

126 3058 270 3122 ‘quue
296 3071 375 3106 senex
402 3054 510 3104 'liretidl
545 3054 655 3105 Proteus
695 3057 1038 3121 Megnesioemeleherrimo,
1054 3061 1085 3105 nt
1099 3054 1137 3104 eit
1150 3055 1223 3104 Stre·

128 3134 289 3201 prndixmt
311 3133 385 3183 ude:
412 3133 541 3196 Coueipe:
573 3137 657 3181 meter
695 3134 739 3193 bo,
757 3142 865 3199 propter
880 3132 1034 3198 Lycomedis
1051 3145 1109 3181 eum
1122 3130 1223 3182 Achille

130 3211 184 3260 eris
197 3210 311 3274 juvenis,
327 3210 371 3274 qui
381 3207 490 3257 fortibus
500 3206 577 3256 ermis
587 3204 657 3257 Aeto
696 3208 856 3272 eliioitetem,
871 3217 900 3259 et
915 3209 951 3259 ibi
967 3216 1057 3258 nutum
1073 3207 1224 3262 edueetum·

130 3286 216 3355 petris
227 3286 323 3336 vineet:
340 3284 472 3348 majorque
482 3282 615 3333 vocabitur
626 3284 656 3332 il·
696 3299 748 3350 qne
763 3285 962 3348 Neoptolemum
979 3297 1026 3333 sen
1042 3282 1170 3346 Pyrrhum
1185 3279 1222 3330 d-

128 3363 168 3411 lo.
200 3362 314 3425 Ergone
324 3361 459 3425 quicquum
470 3358 578 3409 muudus
588 3358 656 3411 Jove
695 3359 879 3411 ehillisfiliusu.
911 3360 950 3407 Ee
967 3371 1000 3407 es
1009 3357 1094 3407 insule
1110 3354 1222 3419 lapident

128 3435 656 3502 mejushsbeset,(quumvishsudtepidos
696 3433 823 3498 integrum
842 3430 969 3483 fluetoere
988 3431 1223 3483 oreduureuctores

127 3513 180 3565 soh
192 3520 297 3577 pectore
313 3512 512 3574 renueretigoes
527 3510 657 3577 sopitae)
696 3508 768 3573 opud
788 3508 901 3557 Plinium
922 3506 967 3555 lib.
988 3519 1087 3559 xxxvl.
1105 3520 1163 3569 esp.
1183 3510 1225 3559 1⁷.

129 3602 259 3653 nquoreae
270 3586 388 3636 'lhetidio
399 3587 526 3636 euuuubie
537 3586 619 3649 ritut'
697 3582 806 3633 eundem
816 3580 998 3633 comminutum
1009 3580 1100 3644 mergi.

165 3663 297 3727 Heluio]
315 3662 404 3724 idest,
415 3662 504 3713 losio:
521 3662 564 3727 qui
575 3660 659 3712 Achil·
729 3658 885 3721 tlDelieleio]
903 3657 935 3707 ld
945 3656 1124 3720 est,Ulysoee.
1146 3656 1222 3719 Uips-

129 3743 165 3795 lis
182 3749 259 3807 peter
276 3739 378 3801 fuisset,
397 3739 447 3787 uisi
465 3737 658 3787 ebetiuuissets
698 3750 739 3785 ses
758 3740 815 3784 eret
830 3733 948 3783 domiuus
963 3732 1052 3781 insule
1069 3730 1184 3780 Dulichii
1196 3731 1222 3781 in

131 3815 252 3869 Thetide.
698 3810 762 3860 meri
782 3808 867 3869 Ionio,
886 3821 937 3856 non
959 3806 1049 3870 proeul
1069 3804 1102 3854 sb
1121 3804 1222 3857 tuneo.

163 3899 181 3945 4
198 3891 312 3955 Meosio]
329 3889 361 3940 Id
371 3894 421 3951 ost,
430 3887 578 3938 Homerico.
601 3887 657 3938 Ho·
697 3878 800 3934 Alludit
810 3897 870 3932 vero
881 3881 964 3931 Polite
981 3880 1013 3929 ud
1023 3879 1165 3939 historiam,
1176 3892 1223 3929 seu

130 3968 196 4020 oneri
209 3968 276 4017 enim
288 3968 508 4015 Maeouesnserut
517 3971 657 4015 muteruus.
697 3953 1222 4024 subulem,quedieiturUlysseshehillem

131 4045 209 4095 Piero
229 4040 327 4105 oerum]
341 4040 448 4103 Supple,
466 4038 583 4099 dicenda,
599 4054 655 4103 quoe
696 4034 839 4085 intertiliss
849 4030 1150 4095 Lycomedislstitootem
1158 4044 1223 4079 sono

130 4120 262 4171 Homeros
284 4116 461 4181 pretermisit.
494 4115 545 4163 Nos
564 4114 600 4162 ire
614 4128 657 4175 per
697 4110 766 4161 tube
776 4110 915 4173 exciteris,
932 4108 971 4158 iu
986 4114 1017 4157 ut
1027 4121 1055 4157 se
1069 4106 1154 4174 ipsum
1164 4120 1223 4171 pro-
